
@article{Albala1993,
title = {Natural disaster situations and growth: A macroeconomic model for sudden disaster impacts},
journal = {World Development},
volume = {21},
number = {9},
pages = {1417-1434},
year = {1993},
issn = {0305-750X},
doi = {https://doi.org/10.1016/0305-750X(93)90122-P},
url = {https://www.sciencedirect.com/science/article/pii/0305750X9390122P},
author = {J.M. Albala-Bertrand}
}

@article{Banholzer2014,
  author    = {Banholzer, Sandra and Kossin, James and Donner, Simon},
  title     = {The Impact of Climate Change on Natural Disasters},
  booktitle = {Reducing Disaster: Early Warning Systems for Climate Change},
  pages     = {21-49},
  year      = {2014},
  url       = {https://doi.org/10.1007/978-94-017-8598-3},
  doi       = {10.1007/978-94-017-8598-3}
}

@article{Barattieri2023,
  author = {Barattieri, Alessandro and Borda, Patrice and Brugnoli, Alberto and Pelli, Martino and Tschopp, Jeanne},
  title = {The short-run, dynamic employment effects of natural disasters: New insights from Puerto Rico},
  journal = {Ecological Economics},
  volume = {205},
  year = {2023},
  url = {https://doi.org/10.1016/j.ecolecon.2022.107693},
  doi = {10.1016/j.ecolecon.2022.107693}
}

@article{Barrot2016,
    author = {Barrot, Jean-Noël and Sauvagnat, Julien},
    title = { Input Specificity and the Propagation of Idiosyncratic Shocks in Production Networks},
    journal = {The Quarterly Journal of Economics},
    volume = {131},
    number = {3},
    pages = {1543-1592},
    year = {2016},
    doi = {10.1093/qje/qjw018},
    url = {https://doi.org/10.1093/qje/qjw018},
}

@article{Bas2025,
  author = {Bas, Maria and Paunov, Caroline},
  title = {Riders on the storm: How do firms navigate production and market conditions amid El Nino?},
  journal = {Journal of Development Economics},
  volume = {172},
  year = {2024},
  url = {https://doi.org/10.1016/j.jdeveco.2024.103374},
  doi = {10.1016/j.jdeveco.2024.103374}
}

@article{Berkel2021,
  author = {Berkel, Hanna and Fisker, Peter Simonsen and Tarp, Finn},
  title = {Cyclone impacts on manufacturing firms in Mozambique},
  journal = {WIDER Working Paper No. 2021/85},
  year = {2021},
  url = {https://www.econstor.eu/handle/10419/243411},
  doi = {10.35188/UNU-WIDER/2021/025-2}
}

@article{Caldera2022,
  author = {Caldera, H.J. and Wirasinghe, S.C.},
  title = {A universal severity classification for natural disasters},
  journal = {Natural Hazards},
  volume = {111},
  pages = {1533-1573},
  year = {2022},
  url = {https://doi.org/10.1007/s11069-021-05106-9},
  doi = {10.1007/s11069-021-05106-9}
}

@article{Collati2024,
  author = {Collati, D.},
  title = {The Economic Dynamics After a Flood: Evidence from Satellite Data},
  journal = {Environmental and Resources Economics},
  volume = {87},
  pages = {2401–2428 },
  year = {2024},
  url = { https://doi.org/10.1007/s10640-024-00887-6},
  doi = {10.1007/s10640-024-00887-6}
}

@article{Conley1999,
  author = {Conley, T.G.},
  title = {GMM estimation with cross sectional dependence},
  journal = {Journal of Econometrics},
  volume = {92},
  pages = {1-45},
  year = {1999},
  url = {https://doi.org/10.1016/S0304-4076(98)00084-0},
  doi = {10.1016/S0304-4076(98)00084-0}
}

@article{Conley2025,
  author = {Conley, Timothy G. and Kelly, Morgan},
  title = {The standard errors of persistence},
  journal = {Journal of International Economics},
  volume = {153},
  year = {2025},
  url = {https://doi.org/10.1016/j.jinteco.2024.104027},
  doi = {10.1016/j.jinteco.2024.104027}
}

@article{Cuarsema2008,
  author = {Cuaresma, Jesus Crespo and Hlouskova, Jaroslava and Obersteiner, Michael},
  title = {Natural Disasters As Creative Destruction? Evidence From Developing Countries},
  journal = {Economic Inquiry},
  volume = {46},
  number = {2},
  pages = {214-226},
  year = {2008},
  url = {https://doi.org/10.1111/j.1465-7295.2007.00063.x},
  doi = {10.1111/j.1465-7295.2007.00063.x}
}

@article{Devarajan1989,
  author = {Devarajan, Shantayanan and Rodrik, Dani},
  title = {Trade Liberalization in Developing Countries: Do Imperfect Competition and Scale Economies Matter?},
  journal = {American Economic Review},
  volume = {79},
  number = {2},
  pages = {283-287},
  year = {1989},
  url = {https://www.jstor.org/stable/1827771}
}

@article{Emanuel2005,
  author = {Emanuel, Kerry},
  title = {Increasing destructiveness of tropical cyclones over the past 30 years},
  journal = {Nature},
  volume = {436},
  pages = {686-688},
  year = {2005},
  url = {https://doi.org/10.1038/nature03906},
  doi = {10.1038/nature03906}
}

@article{Elsner2008,
  author = {Elsner, James B. and Kossin, James P. and Jagger, Thomas H.},
  title = {The increasing intensity of the strongest tropical cyclones},
  journal = {Nature},
  volume = {455},
  pages = {92-95},
  year = {2008},
  url = {https://doi.org/10.1038/nature07234},
  doi = {10.1038/nature07234}
}

@article{Fatica2024,
  author = {Fatica, Serena and Katay, Gabor and Rancan, Michela},
  title = {Floods and firms: vulnerabilities and resilience to natural disasters in Europe},
  journal = {Available at SSRN},
  year = {2024},
  url = {https://ssrn.com/abstract=4796097},
  doi = {10.2139/ssrn.4796097}
}

@article{Fouejieu2024,
  author = {Fouejieu, Armand and Hassan, Shakill and Atoyan, Ruben and  Zha, Yiran},
  title = {Weathering Tomorrow: Climate Analogues and Adaptation Gaps in Europe},
  journal = {IMF Working Paper},
  year = {2024},
  url = {https://www.imf.org/en/Publications/WP/Issues/2024/05/31/Weathering-Tomorrow-Climate-Analogues-and-Adaptation-Gaps-in-Europe-549691}
}

@article{friedt2022,
title = {Natural disasters, intra-national FDI spillovers, and economic divergence: Evidence from India},
journal = {Journal of Development Economics},
volume = {157},
pages = {102872},
year = {2022},
issn = {0304-3878},
doi = {https://doi.org/10.1016/j.jdeveco.2022.102872},
url = {https://www.sciencedirect.com/science/article/pii/S0304387822000438},
author = {Felix L. Friedt and Aidan Toner-Rodgers},
}

@article{Hossain2020,
  author = {Hossain, Farzana},
  title = {Creative Destruction or Just Destruction? Effects of Floods on Manufacturing Establishments in India},
  journal = {Available at SSRN},
  year = {2020},
  url = {https://ssrn.com/abstract=3726068}
}

@article{Hagemann2019,
  author = {Hagemann, Andreas},
  title = {Placebo inference on treatment effects when the number of clusters is small},
  journal = {Journal of Econometrics},
  volume = {213},
  pages = {190--209},
  year = {2019},
  url = {https://doi.org/10.1016/j.jeconom.2019.04.011},
  doi = {10.1016/j.jeconom.2019.04.011}
}

@article{Hsu2018,
    author = {Hsu, Po-Hsuan and Lee, Hsiao-Hui and Peng, Shu-Cing and Yi, Long},
    title = {Natural Disasters, Technology Diversity, and Operating Performance},
    journal = {The Review of Economics and Statistics},
    volume = {100},
    number = {4},
    pages = {619-630},
    year = {2018},
    doi = {10.1162/rest_a_00738},
    url = {https://doi.org/10.1162/rest\_a\_00738}
   }

@article{IPCC2021,
  author    = {{Intergovernmental Panel on Climate Change}},
  title     = {Climate change widespread, rapid, and intensifying},
  journal   = {Newsroom},
  year      = {2021},
  url       = {https://www.ipcc.ch/2021/08/09/ar6-wg1-20210809-pr/}
}

@article{Lai2022,
  author = {Lai, Shaojie and Chen, Lihan and Wang, Qing Sophie and Anderson, Hamish},
  title = {Natural disasters, trade credit, and firm performance},
  journal = {Economic Modelling},
  volume = {116},
  year = {2022},
  url = {https://doi.org/10.1016/j.econmod.2022.106029},
  doi = {10.1016/j.econmod.2022.106029}
}

@article{Kelejian2001,
  author = {Kelejian, H. H. and Prucha, I. R.},
  title = {On the asymptotic distribution of the Moran I test statistic with applications},
  journal = {Journal of Econometrics},
  volume = {104},
  pages = {219--257},
  year = {2001},
  url = {https://doi.org/10.1016/S0304-4076(01)00064-1},
  doi = {10.1016/S0304-4076(01)00064-1}
}

@article{Kotwal2011,
  author = {Kotwal, Ashok and Ramaswami, Bharat and Wadhwa, Wilima},
  title = {Economic Liberalization and Indian Economic Growth: What's the Evidence?},
  journal = {Journal of Economic Literature},
  volume = {49},
  number = {4},
  pages = {1152--1199},
  year = {2011},
  url = {https://www.aeaweb.org/articles?id=10.1257/jel.49.4.1152},
  doi = {10.1257/jel.49.4.1152}
}

@article{Krugman1980,
  author = {Krugman, Paul},
  title = {Scale Economies, Product Differentiation, and the Pattern of Trade},
  journal = {American Economic Review},
  volume = {70},
  number = {5},
  pages = {950--960},
  year = {1980},
  url = {https://www.aeaweb.org/aer/top20/70.5.950-959.pdf}
}

@article{Lai2022,
title = {Natural disasters, trade credit, and firm performance},
journal = {Economic Modelling},
volume = {116},
pages = {106029},
year = {2022},
issn = {0264-9993},
doi = {https://doi.org/10.1016/j.econmod.2022.106029},
url = {https://www.sciencedirect.com/science/article/pii/S026499932200267X},
author = {Shaojie Lai and Lihan Chen and Qing Sophie Wang and Hamish Anderson},
}

@article{Leiter2009,
  author = {Leiter, A.M. and Oberhofer, H. and Raschky, P.A.},
  title = {Creative Disasters? Flooding Effects on Capital, Labour and Productivity Within European Firms},
  journal = {Environmental and Resources Economics},
  volume = {43},
  pages = {333--350},
  year = {2009},
  url = {https://doi.org/10.1007/s10640-009-9273-9},
  doi = {10.1007/s10640-009-9273-9}
}

@article{Loayza2012,
title = {Natural Disasters and Growth: Going Beyond the Averages},
journal = {World Development},
volume = {40},
number = {7},
pages = {1317-1336},
year = {2012},
issn = {0305-750X},
doi = {https://doi.org/10.1016/j.worlddev.2012.03.002},
url = {https://www.sciencedirect.com/science/article/pii/S0305750X12000393},
author = {Norman V. Loayza and Eduardo Olaberría and Jamele Rigolini and Luc Christiaensen},
}

@article{Okubo2021,
  author = {Okubo, Toshihiro and Strobl, Eric},
  title = {Natural disasters, firm survival, and growth: Evidence from the Ise Bay Typhoon, Japan},
  journal = {Journal of Regional Science},
  volume = {61},
  pages = {944--970},
  year = {2021},
  url = {https://doi.org/10.1111/jors.12523},
  doi = {10.1111/jors.12523}
}

@article{Moran1950,
  author = {Moran, P. A. P.},
  title = {Notes on continuous stochastic phenomena},
  journal = {Biometrika},
  volume = {37},
  pages = {17--23},
  year = {1950},
  url = {https://doi.org/10.2307/2332142},
  doi = {10.2307/2332142}
}

@article{Nataraj2011,
  author = {Nataraj, Shanthi},
  title = {The impact of trade liberalization on productivity: Evidence from India's formal and informal manufacturing sectors},
  journal = {Journal of International Economics},
  volume = {85},
  number = {2},
  pages = {292--301},
  year = {2011},
  url = {https://doi.org/10.1016/j.jinteco.2011.07.003},
  doi = {10.1016/j.jinteco.2011.07.003}
}

@article{Nedoncelle2024,
  author = {Nedoncelle, Clément and Wolfersberger, Julien},
  title = {Weather Shocks and Firm Exports in Developing Countries},
  journal = {Review of World Economics},
  year = {2024},
  url = {https://doi.org/10.1007/s10290-024-00563-3},
  doi = {10.1007/s10290-024-00563-3}
}

@article{Noy2009,
title = {The macroeconomic consequences of disasters},
journal = {Journal of Development Economics},
volume = {88},
number = {2},
pages = {221-231},
year = {2009},
issn = {0304-3878},
doi = {https://doi.org/10.1016/j.jdeveco.2008.02.005},
url = {https://www.sciencedirect.com/science/article/pii/S030438780800031X},
author = {Ilan Noy},
}

@article{Rosenbaum1983,
  author = {Rosenbaum, Paul R. and Rubin, Donald B.},
  title = {The Central Role of the Propensity Score in Observational Studies for Causal Effects},
  journal = {Biometrika},
  volume = {10},
  number = {1},
  pages = {41--55},
  year = {1983},
  url = {https://www.jstor.org/stable/2335942},
  doi = {10.2307/2335942}
}

@article{RothTran2025,
  author = {Roth Tran, Brigitte and Wilson, Daniel J.},
  title = {The Local Economic Impact of Natural Disasters},
  journal = {Journal of the Association of Environmental and Resource Economists},
  volume = {Just Accepted},
  year = {2025},
  url = {https://doi.org/10.1086/735533}
}

@article{Shibia2024,
author = {Shibia, A.G.},
title = {Firms’ use of formal and informal finance in coping with droughts and floods: experiences from Kenya},
journal = {Climate and Development},
volume = {16},
number = {1},
pages = {9--24},
year = {2024},
doi = {10.1080/17565529.2023.2176187},
URL = {https://doi.org/10.1080/17565529.2023.2176187}
}

@book{schumpeter1942,
  title={Capitalism, socialism and democracy},
  author={Schumpeter, J.A.},
  year={1942},
  publisher={George Allen & Unwin Ltd 1976},
  doi = {ISBN 0-203-26611-0}
}

@article{Skidmore2002,
  author = {Skidmore, Mark and Toya, Hideki},
  title = {Do Natural Disasters Promote Long-Run Growth?},
  journal = {Economic Inquiry},
  volume = {40},
  number = {4},
  pages = {664--687},
  year = {2002},
  url = {https://EconPapers.repec.org/RePEc:oup:ecinqu:v:40:y:2002:i:4:p:664-687}
}

@article{Sun2021,
  author = {Sun, Liyang and Abraham, Sarah},
  title = {Estimating dynamic treatment effects in event studies with heterogeneous treatment effects},
  journal = {Journal of Econometrics},
  volume = {225},
  number = {2},
  pages = {175--199},
  year = {2021},
  url = {https://doi.org/10.1016/j.jeconom.2020.09.006},
  doi = {10.1016/j.jeconom.2020.09.006}
}

@article{Tanaka2015,
  author = {Tanaka, Ayumu},
  title = {The impacts of natural disasters on plants' growth: Evidence from the Great Hanshin-Awaji (Kobe) earthquake},
  journal = {Regional Science and Urban Economics},
  volume = {50},
  pages = {31--41},
  year = {2015},
  url = {https://doi.org/10.1016/j.regsciurbeco.2014.11.002},
  doi = {10.1016/j.regsciurbeco.2014.11.002}
}

@article{Topalova2011,
  author = {Topalova, Petia and Khandelwal, Amit},
  title = {Trade Liberalization and Firm Productivity: The Case of India},
  journal = {The Review of Economics and Statistics},
  volume = {93},
  number = {3},
  pages = {995--1009},
  year = {2011},
  url = {https://doi.org/10.1162/REST_a_00095},
  doi = {10.1162/REST_a_00095}
}

@article{Verschuur2020,
title = {Prioritising resilience policies to reduce welfare losses from natural disasters: A case study for coastal Bangladesh},
journal = {Global Environmental Change},
volume = {65},
pages = {102179},
year = {2020},
doi = {https://doi.org/10.1016/j.gloenvcha.2020.102179},
url = {https://www.sciencedirect.com/science/article/pii/S0959378020307627},
author = {J. Verschuur and E.E. Koks and A. Haque and J.W. Hall},
}

@article{Xue_2025,
doi = {10.1088/1748-9326/ad9c99},
url = {https://dx.doi.org/10.1088/1748-9326/ad9c99},
year = {2025},
volume = {20},
number = {1},
pages = {014073},
author = {Xue, Ying and Xia, Jun and Liu, Yuan and Zou, Lei},
title = {Economic impacts of floods in China and adaptation strategies under climate change},
journal = {Environmental Research Letters},
}

@article{Zhou2021,
  author = {Zhou, Fujin and Botzen, W. J. Wouter},
  title = {Firm Level Evidence of Disaster Impacts on Growth in Vietnam},
  journal = {Environmental and Resource Economics},
  year = {2021},
  volume = {79},
  pages = {277--322},
  url = {https://api.semanticscholar.org/CorpusID:235578893}
}
