@article{smith2023example,
  author  = {Smith, Alice and Doe, Bob},
  title   = {An Example Reference},
  journal = {Journal of Examples},
  year    = {2023},
  volume  = {12},
  number  = {3},
  pages   = {123--135}
}
